% Encoding: UTF-8

@Book{LaTeX,
  title =     {La introducción no-tan-corta a LaTeX 2E},
  publisher = {Free Software Foundation},
  year =      {2014},
  author =    {Tobias Oetiker, Hubert Partl, Irene Hyna, Elisabeth Schlegl},
  editor =    {daniel.cuevas@cryptolab.net}
}

@Book{prob,
  title =     {Curso y Ejercicios de Cálculo de Probabilidades},
  publisher = {Copias Coca},
  year =      {2000},
  author =    {Ana María Aguilera del Pino},
  editor =    {La autora}
}
